<?xml version="1.0" encoding="UTF-8"?><collection xmlns="http://www.loc.gov/MARC21/slim"><record><leader>00406nam--2200133-i-4500</leader><controlfield tag="001">000027859</controlfield><controlfield tag="002">20161230</controlfield><controlfield tag="005">20161230201037</controlfield><controlfield tag="008">060222s1000------------r-----000-0-eng-d</controlfield><datafield ind1=" " ind2=" " tag="080"><subfield code="a">62</subfield></datafield><datafield ind1=" " ind2=" " tag="100"><subfield code="a">Kruger, Reinhard</subfield></datafield><datafield ind1=" " ind2=" " tag="245"><subfield code="a">Warmeleitfahigkeit und spezifische warmekapazitat von zns und cds im temperaturbereich von 20 k bis 300 k. dissertation</subfield></datafield><datafield ind1=" " ind2=" " tag="260"><subfield code="a">Berlin, Universitat, 1969. 93p</subfield></datafield><datafield ind1=" " ind2=" " tag="852"><subfield code="a">32017</subfield></datafield></record></collection>